\bibliographystyle{plain}
\bibliography{references}
\addcontentsline{toc}{section}{Bibliography}
\begin{thebibliography}{99}

\bibitem{Hofmann} B. Hofmann, H. Wellinhof, and H. Lichtenegger, ”GPS: Theory and Practice”, Springer-Verlag, Vienna, 1997.

\bibitem{Pfitzmann} A. Pfitzmann, M. Köhntop,"Anonymity, Unobservability, and Pseudonymity – A Proposal for Terminology", Germany 2001

\end{thebibliography}